@manual{oetiket2007lshort,
    author = {Oetiket, T. and Partl, H. and Hyna and Schlegl, E.},
    title = {The not-so-short introduction to Latex},
    url = {http://www.ctan.org/tex-archive/info/lshort/english/lshort.pdf}
}

@Manual{downes2002shortams,
  title = 	 {{Short Math Guide for \LaTeX{}}},
  author = 	 {Downes,, Michael},
  organization = {American Mathematical Society},
  year = 	 {2002},
  url = 	 {ftp://ftp.ams.org/pub/tex/doc/amsmath/short-math-guide.pdf}
}

@Manual{alanTus2010,
	author = {A. Tus},
	title = {Baza podataka metala u proteinima},
	organization = {Fakultete Elektrotehnike i Računarstva},
	year = {2010}
}

@Manual{rakipovic,
	author = {A. Rakipović},
	title = {BioMe - web sučelje baze bioloških važnih metala},
	organization = {Fakultete Elektrotehnike i Računarstva},
	year = {2012}
}

@Manula{janjic,
	author = {S. Janjić},
	title = {Predviđanje mjesta sekundarne strukture proteina iz slijeda aminokiselinskih ¯
	ostataka},
	organization = {Fakultete Elektrotehnike i Računarstva},
	year = {2010}
}

@Manual{peretin,
	author = {G. Peretin},
	title = {Baza zastupljenosti metala u proteinima},
	organization = {Fakultete Elektrotehnike i Računarstva},
	year = {2010}
}

@Manual{pymol,
	author = {Schrödinger, LLC. DeLano, W.L.},
	title = {An open-source molecular graphics tool. 
	CCP4 Newsletter On Protein Crystallography},
	year = {2002}
}

@Manual{ChimeraX,
	author = {Goddard, Huang, Meng, 
	Pettersen,Couch, Morris},
	title = {UCSF ChimeraX: Meeting modern challenges in visualization and analysis.},
	year = {2018}
}

@Manual{vmd,
	author = {Humphrey, W. Dalke},
	title = {VMD: Visual molecular dynamics. Journal of Molecular Graphics},
	year = {1996.}
}

@Manual{mepsus,
	author = {Hsin  K.,  Walkinshaw},
	title = {MEPSUS: a database of the geometry of metal sites in proteins. 
	Journal of Applied Crystallography},
	year = {2008}
}

@book{dotnet,
  author = {Albahari, Joseph and Albahari, Ben},
  title = {C\# 9.0 in a Nutshell: The Definitive Reference},
  edition = {1st},
  publisher = {O'Reilly Media},
  year = {2021}
}

@manual{postgresql,
  title = {PostgreSQL 14 Documentation},
  organization = {The PostgreSQL Global Development Group},
  edition = {14.0},
  year = {2021},
  note = {Accessed: June 12, 2023},
  url = {https://www.postgresql.org/docs/14/}
}

@article{biojava,
  author = {Holland, Richard C.G. and Down, Thomas A. and Pocock, Matthew and Prlić, Andreas and Huen, David and James, Keith and Foisy, Shannon and Dräger, Andreas and Yates, Andy and Heuer, Michael},
  title = {BioJava: an open-source framework for bioinformatics},
  journal = {Bioinformatics},
  volume = {24},
  number = {18},
  pages = {2096--2097},
  year = {2008},
  doi = {10.1093/bioinformatics/btn397}
}

@misc{angular,
  title = {Angular},
  howpublished = {\url{https://angular.io/}},
  note = {Accessed: June 12, 2023},
  year = {2023}
}

@manual{ef,
  title = {Entity Framework Core Documentation},
  author = {Microsoft},
  organization = {Microsoft Corporation},
  edition = {6.0},
  year = {2023},
  note = {Accessed: June 12, 2023},
  url = {https://docs.microsoft.com/en-us/ef/core/}
}

@manual{git,
  title = {Pro Git},
  author = {Chacon, Scott and Straub, Ben},
  edition = {2nd},
  publisher = {Apress},
  year = {2014},
  note = {Accessed: June 12, 2023},
  url = {https://git-scm.com/book/en/v2}
}

@Book{ungar2002uvod,
  author = 	 {Šime Ungar},
  title = 	 {{Uvod u \TeX{} s naglaskom na \LaTeX 2$\epsilon$}},
  publisher = 	 {Odjel za matematiku, Sveučilište J.J.\ Strossmayera u Osijeku},
  year = 	 {2002}
}
